{
  "leader": "06596cam a2200697 a 4500",
  "fields": [
    {
      "001": "ocm66894184\\"
    },
    {
      "003": "OCoLC"
    },
    {
      "005": "20221230091215.0"
    },
    {
      "008": "060405s2006\\\\\\\\oncac\\\\\\\\b\\\\\\\\001\\0\\eng\\\\"
    },
    {
      "010": {
        "ind1": "\\",
        "ind2": "\\",
        "subfields": [
          {
            "a": "  2007274747"
          }
        ]
      }
    },
    {
      "040": {
        "ind1": "\\",
        "ind2": "\\",
        "subfields": [
          {
            "a": "NLM"
          },
          {
            "b": "eng"
          },
          {
            "c": "NLM"
          },
          {
            "d": "NLC"
          },
          {
            "d": "BAKER"
          },
          {
            "d": "C#P"
          },
          {
            "d": "VP@"
          },
          {
            "d": "YDXCP"
          },
          {
            "d": "CLU"
          },
          {
            "d": "DLC"
          },
          {
            "d": "SNU"
          },
          {
            "d": "HEBIS"
          },
          {
            "d": "DEBSZ"
          },
          {
            "d": "BDX"
          },
          {
            "d": "OCLCF"
          },
          {
            "d": "DEBBG"
          },
          {
            "d": "OCLCQ"
          },
          {
            "d": "OCLCO"
          },
          {
            "d": "OCL"
          },
          {
            "d": "OCLCQ"
          },
          {
            "d": "OCLCO"
          },
          {
            "d": "TYC"
          },
          {
            "d": "OCLCA"
          },
          {
            "d": "OCLCQ"
          },
          {
            "d": "FQG"
          },
          {
            "d": "AU@"
          },
          {
            "d": "OCLCA"
          },
          {
            "d": "DGN"
          },
          {
            "d": "OCLCO"
          },
          {
            "d": "OCLCQ"
          }
        ]
      }
    },
    {
      "016": {
        "ind1": "\\",
        "ind2": "\\",
        "subfields": [
          {
            "a": "(AMICUS)000032431074"
          }
        ]
      }
    },
    {
      "016": {
        "ind1": "7",
        "ind2": "\\",
        "subfields": [
          {
            "a": "984557830"
          },
          {
            "2": "DE-101"
          }
        ]
      }
    },
    {
      "016": {
        "ind1": "7",
        "ind2": "\\",
        "subfields": [
          {
            "a": "101304158"
          },
          {
            "2": "DNLM"
          }
        ]
      }
    },
    {
      "019": {
        "ind1": "\\",
        "ind2": "\\",
        "subfields": [
          {
            "a": "1154929247"
          }
        ]
      }
    },
    {
      "020": {
        "ind1": "\\",
        "ind2": "\\",
        "subfields": [
          {
            "a": "9780802091710"
          },
          {
            "q": "(alk. paper)"
          }
        ]
      }
    },
    {
      "020": {
        "ind1": "\\",
        "ind2": "\\",
        "subfields": [
          {
            "a": "0802091717"
          },
          {
            "q": "(alk. paper)"
          }
        ]
      }
    },
    {
      "024": {
        "ind1": "3",
        "ind2": "\\",
        "subfields": [
          {
            "a": "9780802091710"
          }
        ]
      }
    },
    {
      "035": {
        "ind1": "\\",
        "ind2": "\\",
        "subfields": [
          {
            "a": "(OCoLC)66894184"
          },
          {
            "z": "(OCoLC)1154929247"
          }
        ]
      }
    },
    {
      "042": {
        "ind1": "\\",
        "ind2": "\\",
        "subfields": [
          {
            "a": "nlmcopyc"
          }
        ]
      }
    },
    {
      "043": {
        "ind1": "\\",
        "ind2": "\\",
        "subfields": [
          {
            "a": "e-gx---"
          },
          {
            "a": "e-ru---"
          }
        ]
      }
    },
    {
      "050": {
        "ind1": "\\",
        "ind2": "4",
        "subfields": [
          {
            "a": "R854.G3"
          },
          {
            "b": "D63 2006"
          }
        ]
      }
    },
    {
      "082": {
        "ind1": "0",
        "ind2": "4",
        "subfields": [
          {
            "a": "610.72043"
          },
          {
            "b": "DOI"
          }
        ]
      }
    },
    {
      "245": {
        "ind1": "0",
        "ind2": "0",
        "subfields": [
          {
            "a": "Doing medicine together :"
          },
          {
            "b": "Germany and Russia between the wars /"
          },
          {
            "c": "edited by Susan Gross Solomon."
          }
        ]
      }
    },
    {
      "260": {
        "ind1": "\\",
        "ind2": "\\",
        "subfields": [
          {
            "a": "Toronto ;"
          },
          {
            "a": "Buffalo :"
          },
          {
            "b": "University of Toronto Press,"
          },
          {
            "c": "\u00a92006."
          }
        ]
      }
    },
    {
      "300": {
        "ind1": "\\",
        "ind2": "\\",
        "subfields": [
          {
            "a": "xvii, 533 pages :"
          },
          {
            "b": "illustrations, portraits ;"
          },
          {
            "c": "24 cm"
          }
        ]
      }
    },
    {
      "336": {
        "ind1": "\\",
        "ind2": "\\",
        "subfields": [
          {
            "a": "text"
          },
          {
            "b": "txt"
          },
          {
            "2": "rdacontent"
          }
        ]
      }
    },
    {
      "337": {
        "ind1": "\\",
        "ind2": "\\",
        "subfields": [
          {
            "a": "unmediated"
          },
          {
            "b": "n"
          },
          {
            "2": "rdamedia"
          }
        ]
      }
    },
    {
      "338": {
        "ind1": "\\",
        "ind2": "\\",
        "subfields": [
          {
            "a": "volume"
          },
          {
            "b": "nc"
          },
          {
            "2": "rdacarrier"
          }
        ]
      }
    },
    {
      "490": {
        "ind1": "1",
        "ind2": "\\",
        "subfields": [
          {
            "a": "German and European studies"
          }
        ]
      }
    },
    {
      "504": {
        "ind1": "\\",
        "ind2": "\\",
        "subfields": [
          {
            "a": "Includes bibliographical references and index."
          }
        ]
      }
    },
    {
      "520": {
        "ind1": "\\",
        "ind2": "\\",
        "subfields": [
          {
            "a": "Analyzes aspects of the German-Russian collaboration often overlooked by students of cross-national science, including the choice of 'friends' across borders, the activities of scientific entrepreneurs, the tensions between bi-lateral and international science, and the migration of scientists."
          },
          {
            "b": "Of the many interwar connections between Germany and Russia, one of the most unusual - and least explored - is medicine and public health. Between 1922 and 1932, with high-level political support and government funding, Soviet and German physicians and public health specialists collaborated in joint research expeditions, published joint articles, launched a bi-lingual journal, and established joint research institutions. Surprisingly, students of Soviet-German relations have all but ignored this medical collaboration; while historians of science have treated it as political history, an exercise in cultural diplomacy designed to mitigate the impact of the post-war exclusion of both nations from the international science. The contributors to this volume, who come from Germany, Russia, Britain, the United States and Canada, depart from the traditional approach to the subject. Drawing on previously inaccessible archival materials, the authors move beyond politics to examine the impact of this collaboration on scientific activity."
          }
        ]
      }
    },
    {
      "520": {
        "ind1": "\\",
        "ind2": "\\",
        "subfields": [
          {
            "a": "Contributors analyze aspects of the German-Russian collaboration often overlooked by students of cross-national science, including the choice of 'friends' across borders, the activities of scientific entrepreneurs, the tensions between bi-lateral and international science, and the migration of scientists. Treating Soviet-German medical relations as an instance of trans-national science lays bare its unique features. Ultimately, \"Doing Medicine Together\" raises new and important questions about the vaunted 'special' relation between Soviet Russia and Weimar Germany"
          }
        ]
      }
    },
    {
      "505": {
        "ind1": "0",
        "ind2": "\\",
        "subfields": [
          {
            "a": "Machine derived contents note: Part One: 'Choosig' Scientific Friends -- 1 German Overtures to Russia, 1919-1925: Between Racial Expansion -- and National Coexistence 35 -- PAUL WEINDLING -- 2 Partners of Choice/Fau de Mieux? Russians and Germans at the -- 200th Anniversary of the Academy of Sciences, 1925 61 -- MARINA SOROKINA -- 3 Leftists versus Nationalists in Soviet-Weimar Cultural Diplomacy -- Showcases, Fronts, and Boomerangs 103 -- MICHAEL DAVID-FOX -- Part Two: Scientific Entrepreneurs across Borders -- 4 How to Win Friends and Influence People: Heinz Zeiss, Boudary -- Objects, and the Pursuit of Cross-National Scientific Collaboration ii -- Microbiology 159 -- ELIZABETH HACHTEN -- SCr, aing Confidience': Heinz Zeiss as aTravller in the Soviet -- niin, 192 1-1932 199 -- WOLFGANG E C KART -- 6 Infrtile Soil: Heinz Zeiss and the Import of Medical Geography to -- Ru, siat, 221930 240 -- SSAN' GROSS SOLO NO -- 7 Th cntist as obbyist: Heinz Zeiss and Auslandsdeitschtiu 291 -- SABINE SCHLERIRMiACER -- Part Three: Bilateraism and Inernaionalism -- 8 Castr and Pollux ir Brain Research The Berlin and the Moscow -- S 1 ig(1 TsR -- Brain Re search stitues 3407 -- t OH IEN RICHTERG -- 9 Eugenics, i, rass, en J/ggienel, and Human Genetics in the Late 1930s: -- The Case of the Seventh International Genetics Congress .369 -- N I K L A I K R E M E N T SOV -- Part Focsir: Scientific Migration to 'the Other' -- 10) Home Away from Home: The Berlin Neuroanatomist Louis -- Jacobsohn-Lask in Russia 407 -- UL RIKc E E SENBERG -- 11 Crossing Over: The Emigration of German-Jewish Physicians to the -- Soviet Union ater 1933 462 -- CAROLA TISCHLER."
          }
        ]
      }
    },
    {
      "650": {
        "ind1": "\\",
        "ind2": "0",
        "subfields": [
          {
            "a": "Medicine"
          },
          {
            "x": "Research"
          },
          {
            "x": "International cooperation."
          }
        ]
      }
    },
    {
      "650": {
        "ind1": "\\",
        "ind2": "0",
        "subfields": [
          {
            "a": "Medicine"
          },
          {
            "x": "Research"
          },
          {
            "z": "Germany"
          },
          {
            "x": "History"
          },
          {
            "y": "20th century."
          }
        ]
      }
    },
    {
      "650": {
        "ind1": "\\",
        "ind2": "0",
        "subfields": [
          {
            "a": "Medicine"
          },
          {
            "x": "Research"
          },
          {
            "z": "Soviet Union"
          },
          {
            "x": "History"
          },
          {
            "y": "20th century."
          }
        ]
      }
    },
    {
      "650": {
        "ind1": "\\",
        "ind2": "0",
        "subfields": [
          {
            "a": "Medicine"
          },
          {
            "x": "Research"
          },
          {
            "x": "Government policy"
          },
          {
            "z": "Germany"
          },
          {
            "x": "History"
          },
          {
            "y": "20th century."
          }
        ]
      }
    },
    {
      "650": {
        "ind1": "\\",
        "ind2": "0",
        "subfields": [
          {
            "a": "Medicine"
          },
          {
            "x": "Research"
          },
          {
            "x": "Government policy"
          },
          {
            "z": "Soviet Union"
          },
          {
            "x": "History"
          },
          {
            "y": "20th century."
          }
        ]
      }
    },
    {
      "650": {
        "ind1": "1",
        "ind2": "2",
        "subfields": [
          {
            "a": "Biomedical Research"
          },
          {
            "x": "history"
          }
        ]
      }
    },
    {
      "650": {
        "ind1": "2",
        "ind2": "2",
        "subfields": [
          {
            "a": "History, 20th Century"
          }
        ]
      }
    },
    {
      "650": {
        "ind1": "2",
        "ind2": "2",
        "subfields": [
          {
            "a": "International Cooperation"
          },
          {
            "x": "history"
          }
        ]
      }
    },
    {
      "650": {
        "ind1": "2",
        "ind2": "2",
        "subfields": [
          {
            "a": "Public Policy"
          }
        ]
      }
    },
    {
      "651": {
        "ind1": "\\",
        "ind2": "2",
        "subfields": [
          {
            "a": "Germany"
          }
        ]
      }
    },
    {
      "651": {
        "ind1": "\\",
        "ind2": "2",
        "subfields": [
          {
            "a": "USSR"
          }
        ]
      }
    },
    {
      "650": {
        "ind1": "\\",
        "ind2": "7",
        "subfields": [
          {
            "a": "Medicine"
          },
          {
            "x": "Research."
          },
          {
            "2": "fast"
          },
          {
            "0": "(OCoLC)fst01015059"
          }
        ]
      }
    },
    {
      "650": {
        "ind1": "\\",
        "ind2": "7",
        "subfields": [
          {
            "a": "Medicine"
          },
          {
            "x": "Research"
          },
          {
            "x": "Government policy."
          },
          {
            "2": "fast"
          },
          {
            "0": "(OCoLC)fst01015072"
          }
        ]
      }
    },
    {
      "650": {
        "ind1": "\\",
        "ind2": "7",
        "subfields": [
          {
            "a": "Medicine"
          },
          {
            "x": "Research"
          },
          {
            "x": "International cooperation."
          },
          {
            "2": "fast"
          },
          {
            "0": "(OCoLC)fst01015075"
          }
        ]
      }
    },
    {
      "651": {
        "ind1": "\\",
        "ind2": "7",
        "subfields": [
          {
            "a": "Germany."
          },
          {
            "2": "fast"
          },
          {
            "0": "(OCoLC)fst01210272"
          }
        ]
      }
    },
    {
      "651": {
        "ind1": "\\",
        "ind2": "7",
        "subfields": [
          {
            "a": "Soviet Union."
          },
          {
            "2": "fast"
          },
          {
            "0": "(OCoLC)fst01210281"
          }
        ]
      }
    },
    {
      "648": {
        "ind1": "\\",
        "ind2": "7",
        "subfields": [
          {
            "a": "1900-1999"
          },
          {
            "2": "fast"
          }
        ]
      }
    },
    {
      "655": {
        "ind1": "\\",
        "ind2": "7",
        "subfields": [
          {
            "a": "History."
          },
          {
            "2": "fast"
          },
          {
            "0": "(OCoLC)fst01411628"
          }
        ]
      }
    },
    {
      "700": {
        "ind1": "1",
        "ind2": "\\",
        "subfields": [
          {
            "a": "Solomon, Susan Gross."
          }
        ]
      }
    },
    {
      "830": {
        "ind1": "\\",
        "ind2": "0",
        "subfields": [
          {
            "a": "German and European studies."
          }
        ]
      }
    },
    {
      "856": {
        "ind1": "4",
        "ind2": "1",
        "subfields": [
          {
            "3": "Table of contents"
          },
          {
            "u": "https://www.loc.gov/catdir/toc/fy0711/2007274747.html"
          }
        ]
      }
    },
    {
      "856": {
        "ind1": "4",
        "ind2": "1",
        "subfields": [
          {
            "3": "Table of contents"
          },
          {
            "u": "http://digitool.hbz-nrw.de:1801/webclient/DeliveryManager?pid=2850007&custom_att_2=simple_viewer"
          }
        ]
      }
    },
    {
      "856": {
        "ind1": "4",
        "ind2": "1",
        "subfields": [
          {
            "3": "Table of contents"
          },
          {
            "u": "http://bvbr.bib-bvb.de:8991/F?func=service&doc_library=BVB01&local_base=BVB01&doc_number=016482714&line_number=0001&func_code=DB_RECORDS&service_type=MEDIA"
          }
        ]
      }
    },
    {
      "856": {
        "ind1": "4",
        "ind2": "2",
        "subfields": [
          {
            "3": "Book review (H-Net)"
          },
          {
            "u": "http://www.h-net.org/review/hrev-a0f6k7-aa"
          }
        ]
      }
    },
    {
      "994": {
        "ind1": "\\",
        "ind2": "\\",
        "subfields": [
          {
            "a": "Z0"
          },
          {
            "b": "NYRVC"
          }
        ]
      }
    },
    {
      "948": {
        "ind1": "\\",
        "ind2": "\\",
        "subfields": [
          {
            "h": "NO HOLDINGS IN NYRVC - 116 OTHER HOLDINGS"
          }
        ]
      }
    },
    {
      "999": {
        "ind1": "\\",
        "ind2": "\\",
        "subfields": [
          {
            "a": "00000000012681"
          }
        ]
      }
    }
  ]
}